
<record>
  <controlfield tag="001">250504</controlfield>
  <datafield tag="035" ind1=" " ind2=" ">
    <subfield code="z">D87-09269</subfield>
    <subfield code="9">DESY</subfield>
  </datafield>
  <datafield tag="035" ind1=" " ind2=" ">
    <subfield code="a">Aihara:1987ug</subfield>
    <subfield code="9">SPIRESTeX</subfield>
  </datafield>
  <datafield tag="245" ind1=" " ind2=" ">
    <subfield code="a">MEASUREMENT OF THE PHOTON STRUCTURE FUNCTION F(2) (GAMMA) (X, Q**2) BETWEEN 10-GEV**2 &lt; Q**2 &lt; 60-GEV**2</subfield>
  </datafield>
  <datafield tag="710" ind1=" " ind2=" ">
    <subfield code="g">TPC / TWO GAMMA</subfield>
  </datafield>
</record>