
<record>
  <controlfield tag="001">250503</controlfield>
  <datafield tag="035" ind1=" " ind2=" ">
    <subfield code="z">D87-09268</subfield>
    <subfield code="9">DESY</subfield>
  </datafield>
  <datafield tag="035" ind1=" " ind2=" ">
    <subfield code="a">Aihara:1987uf</subfield>
    <subfield code="9">SPIRESTeX</subfield>
  </datafield>
  <datafield tag="245" ind1=" " ind2=" ">
    <subfield code="a">AN EXPERIMENTAL STUDY OF SPIN 1 MESONS PRODUCED IN TWO PHOTON REACTIONS</subfield>
  </datafield>
  <datafield tag="710" ind1=" " ind2=" ">
    <subfield code="g">TPC / TWO GAMMA</subfield>
  </datafield>
</record>