
<record>
  <controlfield tag="001">250502</controlfield>
  <datafield tag="035" ind1=" " ind2=" ">
    <subfield code="z">D87-09267</subfield>
    <subfield code="9">DESY</subfield>
  </datafield>
  <datafield tag="035" ind1=" " ind2=" ">
    <subfield code="a">Aihara:1987ue</subfield>
    <subfield code="9">SPIRESTeX</subfield>
  </datafield>
  <datafield tag="245" ind1=" " ind2=" ">
    <subfield code="a">A MEASUREMENT OF A20 (1320) FORMATION IN PHOTON PHOTON COLLISIONS</subfield>
  </datafield>
  <datafield tag="710" ind1=" " ind2=" ">
    <subfield code="g">TPC / TWO GAMMA</subfield>
  </datafield>
</record>