
<record>
  <controlfield tag="001">250501</controlfield>
  <datafield tag="035" ind1=" " ind2=" ">
    <subfield code="z">D87-09266</subfield>
    <subfield code="9">DESY</subfield>
  </datafield>
  <datafield tag="035" ind1=" " ind2=" ">
    <subfield code="a">Aihara:1987ud</subfield>
    <subfield code="9">SPIRESTeX</subfield>
  </datafield>
  <datafield tag="245" ind1=" " ind2=" ">
    <subfield code="a">STUDY OF TWO PHOTON PRODUCTION OF RHO0 OMEGA IN E+ E- INTERACTIONS</subfield>
  </datafield>
  <datafield tag="710" ind1=" " ind2=" ">
    <subfield code="g">TPC / TWO GAMMA</subfield>
  </datafield>
</record>