
<record>
  <controlfield tag="001">253402</controlfield>
  <datafield tag="035" ind1=" " ind2=" ">
    <subfield code="z">D87-09304</subfield>
    <subfield code="9">DESY</subfield>
  </datafield>
  <datafield tag="035" ind1=" " ind2=" ">
    <subfield code="a">Aihara:1987gp</subfield>
    <subfield code="9">SPIRESTeX</subfield>
  </datafield>
  <datafield tag="245" ind1=" " ind2=" ">
    <subfield code="a">INCLUSIVE D*+- PRODUCTION IN PHOTON PHOTON COLLISIONS.</subfield>
  </datafield>
  <datafield tag="710" ind1=" " ind2=" ">
    <subfield code="g">TPC/Two Gamma</subfield>
  </datafield>
</record>