
<record>
  <controlfield tag="001">252443</controlfield>
  <datafield tag="035" ind1=" " ind2=" ">
    <subfield code="z">D87-11342</subfield>
    <subfield code="9">DESY</subfield>
  </datafield>
  <datafield tag="035" ind1=" " ind2=" ">
    <subfield code="a">Aihara:1987pa</subfield>
    <subfield code="9">SPIRESTeX</subfield>
  </datafield>
  <datafield tag="245" ind1=" " ind2=" ">
    <subfield code="a">LIMITS ON HEAVY LEPTONS WITH MASSIVE NEUTRINOS</subfield>
  </datafield>
  <datafield tag="710" ind1=" " ind2=" ">
    <subfield code="g">TPC / TWO GAMMA</subfield>
  </datafield>
</record>

</collection>